@Manual{R,
  title = {R: A Language and Environment for Statistical Computing},
  author = {{R Core Team}},
  organization = {R Foundation for Statistical Computing},
  address = {Vienna, Austria},
  year = {2012},
  note = {{ISBN} 3-900051-07-0},
  url = {http://www.R-project.org/},
}

@article{ihaka:1996,
  Author = {Ihaka, Ross and Gentleman, Robert},
	Journal = {Journal of Computational and Graphical Statistics},
	Number = 3,
	Pages = {299--314},
	Title = {R: A Language for Data Analysis and Graphics},
	Volume = 5,
	Year = 1996}

@misc{Minitabgof,
author = {Minitab},
title = {{Methods and formulas for goodness-of-fit measures in Parametric Distribution Analysis (Right Censoring)}},
url = {https://support.minitab.com/en-us/minitab/18/help-and-how-to/modeling-statistics/reliability/how-to/parametric-distribution-analysis-right-censoring/methods-and-formulas/goodness-of-fit-measures/},
urldate = {2018-09-06}
}

@misc{Minitabqq,
author = {Minitab},
title = {{Methods and formulas for probability plot in Parametric Distribution Analysis (Right Censoring)}},
url = {https://support.minitab.com/en-us/minitab/18/help-and-how-to/modeling-statistics/reliability/how-to/parametric-distribution-analysis-right-censoring/methods-and-formulas/probability-plot/},
urldate = {2018-09-06}
}

@book{Kleinbaum2012,
abstract = {3rd ed. This book is available on the World Wide Web. Access is restricted to computers located within Mount Sinai or to those users eligible for remote access services.},
annote = {The survivor function S(t) gives the probability that a person survives longer than some specified time t; that is, S(t) gives the probability that the random variable T exceeds the specified time t.},
author = {Kleinbaum, David G. and Klein, Michael},
isbn = {1441966455},
keywords = {definition},
mendeley-tags = {definition},
pages = {700},
publisher = {Springer},
title = {{Survival Analysis - A Self-Learning Text}},
year = {2012}
}
